%! Author = Landini Emanuele
%! Date = 15/06/2022

